% Encoding: UTF-8

@Manual{Pereira2019-2020,
  title        = {Aulas Teórico-Práticas Sistemas Embebidos 3º ano, 1º semestre da Licenciatura em Engenharia Informática do Instituto Superior Manuel Teixeira Gomes},
  author       = {Prof. Mestre Melo Pereira},
  organization = {ISMAT},
  year         = {2019-2020},
  timestamp    = {2015.06.01},
}

@Manual{adafruitdht,
  title  = {https://github.com/adafruit/DHT-sensor-library},
  author = {adafruit},
}

@Manual{wire,
  title  = {https://github.com/esp8266/Arduino/blob/master/libraries/Wire/Wire.h},
  author = {esp8266},
}

@Manual{adafruitGFX,
  title  = {https://github.com/adafruit/Adafruit-GFX-Library/blob/master/Adafruit_GFX.h},
  author = {adafruit},
}

@Manual{adafruitSSD1306,
  title  = {https://github.com/adafruit/Adafruit_SSD1306/blob/master/Adafruit_SSD1306.h},
  author = {adafruit},
}

@Manual{arduinoCompany,
  title  = {https://store.arduino.cc/arduino-uno-rev3},
  author = {ArduinoCompany},
}

@Comment{jabref-meta: databaseType:bibtex;}
